journal = IEEE_J_AC,